<?xml version="1.0" encoding="UTF-8"?><record xmlns="http://www.loc.gov/MARC21/slim" xmlns:cinclude="http://apache.org/cocoon/include/1.0" xmlns:zs="http://www.loc.gov/zing/srw/">
  <leader>00610cz  a2200157n  4500</leader>
  <controlfield tag="001">no2010106823</controlfield>
  <controlfield tag="003">DLC</controlfield>
  <controlfield tag="005">20100726083754.0</controlfield>
  <controlfield tag="008">100701n| acannaabn          |a aaa     c</controlfield>
  <datafield tag="010" ind1=" " ind2=" ">
    <subfield code="a">no2010106823</subfield>
  </datafield>
  <datafield tag="035" ind1=" " ind2=" ">
    <subfield code="a">(OCoLC)oca08546561</subfield>
  </datafield>
  <datafield tag="040" ind1=" " ind2=" ">
    <subfield code="a">MH</subfield>
    <subfield code="b">eng</subfield>
    <subfield code="c">MH</subfield>
    <subfield code="d">IEN</subfield>
  </datafield>
  <datafield tag="100" ind1="1" ind2=" ">
    <subfield code="a">Mathesius, Petrus Nicolaus,</subfield>
    <subfield code="d">1711-1772</subfield>
  </datafield>
  <datafield tag="400" ind1="1" ind2=" ">
    <subfield code="a">Mathesius, Petter Niclas,</subfield>
    <subfield code="d">1711-1772</subfield>
  </datafield>
  <datafield tag="670" ind1=" " ind2=" ">
    <subfield code="a">Maantieteellinen väitöskirja Pohjanmaasta, 2008:</subfield>
    <subfield code="b">t.p. (Petrus Nicolaus Mathesius) preface (Petter Niclas Mathesius)</subfield>
  </datafield>
  <datafield tag="670" ind1=" " ind2=" ">
    <subfield code="a">FENNICA database, Mar. 31, 2010</subfield>
    <subfield code="b">(hdg.: Mathesius, Petrus Nicolaus, 1711-1772, Pyhäjoen kirkkoherra)</subfield>
  </datafield>
</record>